@article{chen_k-means_2024,
	title = {k-{Means} {NANI}: {An} {Improved} {Clustering} {Algorithm} for {Molecular} {Dynamics} {Simulations}},
	issn = {1549-9618},
	url = {https://doi.org/10.1021/acs.jctc.4c00308},
	doi = {10.1021/acs.jctc.4c00308},
	journal = {Journal of Chemical Theory and Computation},
	author = {Chen, Lexin and Roe, Daniel R. and Kochert, Matthew and Simmerling, Carlos and Miranda-Quintana, Ram√≥n Alain},
	month = jun,
	year = {2024},
	note = {Publisher: American Chemical Society},
}