@article{M2ProteinModel,
  title={The MARTINI coarse-grained force field: extension to proteins},
  author={Monticelli, Luca and Kandasamy, Senthil K and Periole, Xavier and Larson, Ronald G and Tieleman, D Peter and Marrink, Siewert Jan},
  journal={Journal of chemical theory and computation},
  volume={4},
  number={5},
  pages={819--834},
  year={2008},
  publisher={ACS Publications}
}

@article{Martini2,
  title={The MARTINI force field: coarse grained model for biomolecular simulations},
  author={Marrink, Siewert Jan and Risselada, H Jelger and Yefimov, Serge and Tieleman, D Peter and De Vries, Alex H},
  journal={The journal of physical chemistry B},
  volume={111},
  number={27},
  pages={7812--7824},
  year={2007},
  publisher={ACS Publications}
}

@article{M2Elnedyn,
  title={Combining an elastic network with a coarse-grained molecular force field: structure, dynamics, and intermolecular recognition},
  author={Periole, Xavier and Cavalli, Marco and Marrink, Siewert Jan and Ceruso, Marco A},
  journal={Journal of chemical theory and computation},
  volume={5},
  number={9},
  pages={2531--2543},
  year={2009},
  publisher={ACS Publications}
}

@article{M22ProteinModel,
  title={Improved parameters for the martini coarse-grained protein force field},
  author={de Jong, Djurre H and Singh, Gurpreet and Bennett, WF Drew and Arnarez, Clement and Wassenaar, Tsjerk A and Schaefer, Lars V and Periole, Xavier and Tieleman, D Peter and Marrink, Siewert Jan},
  journal={Journal of chemical theory and computation},
  volume={9},
  number={1},
  pages={687--697},
  year={2013},
  publisher={ACS Publications}
}

@article{M2polarizable,
  title={Polarizable water model for the coarse-grained MARTINI force field},
  author={Yesylevskyy, Semen O and Schaefer, Lars V and Sengupta, Durba and Marrink, Siewert Jan},
  journal={PLoS Comput Biol},
  volume={6},
  number={6},
  pages={e1000810},
  year={2010},
  publisher={Public Library of Science}
}
