
@article{2023RAlessandri-Macromolecules,
  title={Prediction of Electronic Properties of Radical-Containing Polymers at Coarse-Grained Resolutions},
  author={Alessandri, Riccardo and de Pablo, Juan J},
  journal={Macromolecules},
  volume={56},
  number={10},
  pages={3574-3584},
  doi={10.1021/acs.macromol.3c00141},
  year={2023}
}


@article{polyply,
  title={Polyply; a python suite for facilitating simulations of (bio-) macromolecules and nanomaterials},
  author={Grunewald, Fabian and Alessandri, Riccardo and Kroon, Peter C and Monticelli, Luca and Souza, Paulo CT and Marrink, Siewert J},
  journal={Nature Communications},
  doi={10.1038/s41467-021-27627-4},
  year={2022},
  volume={13},
  pages={68}
}
