@book{Chandrasekhar-2013,
	title = {{R}adiative {T}ransfer},
	author = {{C}handrasekhar, {S}ubrahmanyan},
	series = {},
	year = {2013},
	month = {3},
	publisher = {{D}over {P}ublications, {I}ncorporated},
	url = {https://openlibrary.org/books/OL38362385M},
}

@article{Cornette-1992,
	title = {{P}hysically reasonable analytic expression for the
	         single-scattering phase function},
	author = {{C}ornette, {W}illiam {M}. and {S}hanks, {J}oseph {G}.},
	journal = {{A}pplied {O}ptics},
	volume = {31},
	number = {16},
	pages = {3152},
	year = {1992},
	month = {6},
	publisher = {{O}ptica {P}ublishing {G}roup},
	url = {https://doi.org/10.1364%2Fao.31.003152},
	doi = {10.1364/ao.31.003152},
}

@article{Hapke-1984,
	title = {{B}idirectional reflectance spectroscopy: 3. {C}orrection for
	         macroscopic roughness},
	author = {{H}apke, {B}ruce},
	journal = {{I}carus},
	volume = {59},
	number = {1},
	pages = {41--59},
	year = {1984},
	month = {7},
	publisher = {{E}lsevier {BV}},
	url = {https://doi.org/10.1016%2F0019-1035%2884%2990054-x},
	doi = {10.1016/0019-1035(84)90054-x},
}

@article{Henyey-1941,
	title = {{T}he {T}heory of the {C}olors of {R}eflection {N}ebulae.},
	author = {{H}enyey, {L}. {G}. and {G}reenstein, {J}esse {L}.},
	journal = {{T}he {A}strophysical {J}ournal},
	volume = {88},
	pages = {580},
	year = {1941},
	month = {12},
	publisher = {{A}merican {A}stronomical {S}ociety},
	url = {https://doi.org/10.1086%2F144010},
	doi = {10.1086/144010},
}

@article{Hapke-2002,
	title = {{B}idirectional {R}eflectance {S}pectroscopy: 5. {T}he {C}oherent {
	         B}ackscatter {O}pposition {E}ffect and {A}nisotropic {S}cattering},
	author = {{H}apke, {B}ruce},
	journal = {{I}carus},
	volume = {157},
	number = {2},
	pages = {523--534},
	year = {2001},
	month = {11},
	publisher = {{E}lsevier {BV}},
	url = {https://doi.org/10.1006%2Ficar.2002.6853},
	direct = {S0019103502968533},
	doi = {10.1006/icar.2002.6853},
}

@book{Hapke-2012,
	title = {{T}heory of {R}eflectance and {E}mittance {S}pectroscopy},
	author = {{H}apke, {B}ruce},
	series = {},
	year = {2012},
	month = {1},
	publisher = {{C}ambridge {U}niversity {P}ress},
	address = {{C}ambridge},
	url = {https://doi.org/10.1017%2Fcbo9781139025683},
	doi = {10.1017/cbo9781139025683},
}


