@misc{Martini3Beta,
  title={Martini 3-Open Beta-Release},
  author={Souza, Paulo C T and Marrink, Siewert Jan},
  year={2020}
}
