@software{max_bachmann_2025_15133267,
  author       = {Max Bachmann},
  title        = {rapidfuzz/RapidFuzz: Release 3.13.0},
  month        = apr,
  year         = 2025,
  publisher    = {Zenodo},
  version      = {v3.13.0},
  doi          = {10.5281/zenodo.15133267},
  url          = {https://doi.org/10.5281/zenodo.15133267},
}
