@article{MDTraj,
    title={MDTraj: A Modern Open Library for the Analysis of Molecular Dynamics Trajectories},
    author={McGibbon, Robert T. and Beauchamp, Kyle A. and Harrigan, Matthew P. and Klein, Christoph and Swails, Jason M. and HernaÃÅndez, Carlos X.  and Schwantes, Christian R. and Wang, Lee-Ping and Lane, Thomas J. and Pande, Vijay S.},
    journal={Biophysical Journal},
    volume={109},
    number={8},
    pages={1528 -- 1532},
    year={2015},
    doi={10.1016/j.bpj.2015.08.015}
}
@article{vermouth,
    title={Martinize2 and Vermouth: Unified Framework for Topology Generation},
    url={http://dx.doi.org/10.7554/eLife.90627.2},
    doi={10.7554/elife.90627.2},
    journal={elife},
    volume={12},
    pages={RP90627}
    publisher={eLife Sciences Publications, Ltd},
    author={Kroon, Peter C and Grunewald, F and Barnoud, J and van Tilburg, M and Souza, Paulo CT and Wassenaar, Tsjerk A and Marrink, Siewert J},
    year={2024},
    month=jun
}
